@proceedings{ ion:gnss04,
	title = "16th International Technical Meeting of the Satellite Division of the Institute of Navigaton",
	year = "2002",
	month = "September",
	address = "Long Beach, California"
}

@manual{ rinexformat,
	title = "RINEX: The Reciever Independant Exchange Format Version 2.10",
	address = "http://www.ngs.noaa.gov/CORS/Rinex2.html"
}

@manual{ sharc,
	title = "The Sharc Project",
	address = "http://sharc.sourceforce.net"
}

@booklet{ ashtechpatents,
	title = "Patents 5293170, 5134407, 4928106",
	author = "Ashtech Telesis",
	howpublished = "United States Patent and Trademark Office",
	address = "http://www.uspto.gov",
}

@manual{ ashtechXII,
	title = "Ashtech XII GPS Receiver Operating Manual"
}

@manual{ zreceivers,
	title = "Z-Family GPS Receivers Technical Reference Manual",
	author = "Thales Navigation",
	year = "2002"
}

@manual{ gpstk,
	title = "The GPS Toolkit, GPSTk",
	address = "http://www.gpstk.org"
}

@book{ bate:fa,
	title = "Fundamentals of Astrodynamics",
	author = "Roger Bate and Donald Mueller and Jerry White",
	publisher = "Dover",
	address = "New York, NY",
	year = "1971"
}

@book{ roy:om,
	title = "Orbital Motion",
	author = "A. E. Roy",
	edition = "2nd",
	publisher = "Adam Hilger Ltd.",
	address = "Bristol, Great Britain",
	year = "1982"
}

@book{ battin:imma,
	title = "An Introduction to the Mathematics and Methods of Astrodynamics",
	author = "Richard H. Battin",
	edition = "Revised",
	publisher = "AIAA Press",
	address = "Reston, Virginia",
	year = "1999"
}

@book{ hlc:gtp,
	title = "GPS: Theory and Practice",
	author = "B. Hofmann-Wellenhof and H. Lichtenegger and J. Collins",
	edition = "5th",
	publisher = "Springer-Verlag Wien",
	address = "New York, NY",
	year = "2001"
}

@book{ me:gsmp,
	title = "Global Positioning Sytem: Signals, Measurements and Performance",
	author = "Pratap Misra and Per Enge",
	publisher = "Ganga-Jamuna Press",
	address = "Lincoln, Massachusetts",
	year = "2004"
}

@manual{ isgps,
	title = "NAVSTAR Global Positioning System Interface Specification (IS-GPS-200), Revision D",
}

@book{ ps:gta,
	title = "Global Positioning Theory: Theory and Applications",
	editor = "Bradford W. Parkinson and James J. Spilker Jr.",
	volume = "1",
	publisher = "AIAA Press",
	address = "Reston, Virginia",
	year = "1996"
}

@book{ bs:lagg,
	title = "Linear Algebra, Geodesy and GPS",
	author = "Kai Borre and Strang Gilbert",
	publisher = "Wellesley-Cambridge Press",
	year = "1997"
}

@InProceedings{ gg:mtm,
	author = "C. C. Goad and L. Goodman",
	title = "A modified tropospheric refraction correction model",
	year = "1974",
	address = "San Francisco, California",
	month = "Fall",
	organization = "Annual American Geophysical Union"
}

@TechReport{ iers,
	author = "Dennis D. McCarthy and G{\'{e}}rard Petit",
	title = "{IERS} {C}onventions",
	institution = "International Earth Rotation and Reference Systems Service",
	year = "2003",
	number = "32",
}

@book{ tsui:fgpsr,
	author = "James Bao-Yen Tsui",
	title = "Fundamentals of Global Positioning System Receivers: A Software Approach",
	publisher = "John Wiley \& Sons",
	address = "New York",
	year = "2000"
}

@book{ kaplan:ugpspa,
	editor = "Elliot D. Kaplan",
	title = "Understanding GPS: Principles and Applications",
	publisher = "Artech House Publishers",
	address = "685 Canton Street, Norwood, MA"
	year = "1996"
}

@book{ seeber:sg,
	author = "G{\"{u}}nter Seeber",
	title = "Satellite Geodesy",
	publisher = "Walter de Gruyter",
	address = "Berlin",
	year = "1993"
}
